
@book{PLG,
	author = {Cesa-Bianchi, Nicolo and Lugosi, Gabor},
	title = {Prediction, Learning, and Games},
	year = {2006},
	isbn = {0521841089},
	publisher = {Cambridge University Press},
	address = {New York, NY, USA},
} 

@article{Russo_TS,
	author    = {Daniel Russo and
	Benjamin Van Roy and
	Abbas Kazerouni and
	Ian Osband},
	title     = {A Tutorial on Thompson Sampling},
	journal   = {CoRR},
	volume    = {abs/1707.02038},
	year      = {2017},
	url       = {http://arxiv.org/abs/1707.02038},
	archivePrefix = {arXiv},
	eprint    = {1707.02038},
	timestamp = {Sat, 05 Aug 2017 14:56:06 +0200},
	biburl    = {https://dblp.org/rec/bib/journals/corr/0001RKO17},
	bibsource = {dblp computer science bibliography, https://dblp.org}
}